@article{brehmer1974hypotheses,
  title={Hypotheses about relations between scaled variables in the learning of probabilistic inference tasks},
  author={Brehmer, Berndt},
  journal={Organizational Behavior and Human Performance},
  volume={11},
  number={1},
  pages={1--27},
  year={1974},
  publisher={Elsevier}
}

@article{bruner1956austin,
  title={Austin. A Study of Thinking},
  author={Bruner, Jerome S and Goodnow, Jacqueline J and George, A},
  journal={New York: John Wiley \& Sons, Inc},
  volume={14},
  pages={330},
  year={1956}
}

@article{mcdaniel2005conceptual,
  title={The conceptual basis of function learning and extrapolation: Comparison of rule-based and associative-based models},
  author={McDaniel, Mark A and Busemeyer, Jerome R},
  journal={Psychonomic Bulletin \& Review},
  volume={12},
  number={1},
  pages={24--42},
  year={2005},
  publisher={Springer}
}

@inproceedings{dechter2013bootstrap,
  title={Bootstrap Learning via Modular Concept Discovery.},
  author={Dechter, Eyal and Malmaud, Jonathan and Adams, Ryan P and Tenenbaum, Joshua B},
  booktitle={{IJCAI}},
  year={2013}
}


@inproceedings{duvenaud2013structure,
  title={Structure Discovery in Nonparametric Regression through Compositional Kernel Search.},
  author={Duvenaud, David K and Lloyd, James Robert and Grosse, Roger B and Tenenbaum, Joshua B and Ghahramani, Zoubin},
  booktitle={{ICML (3)}},
  pages={1166--1174},
  year={2013}
}


@book{fodor1975language,
  title={The language of thought},
  author={Fodor, Jerry A},
  volume={5},
  year={1975},
  publisher={Harvard University Press}
}

@article{griffiths2006optimal,
  title={Optimal predictions in everyday cognition},
  author={Griffiths, Thomas L and Tenenbaum, Joshua B},
  journal={Psychological Science},
  volume={17},
  number={9},
  pages={767--773},
  year={2006},
  publisher={SAGE Publications}
}


@inproceedings{griffiths2009modeling,
  title={Modeling human function learning with Gaussian processes},
  author={Griffiths, Thomas L and Lucas, Chris and Williams, Joseph and Kalish, Michael L},
  booktitle={{Advances in Neural Information Processing Systems}},
  pages={553--560},
  year={2009}
}

@article{kalish2007iterated,
  title={Iterated learning: Intergenerational knowledge transmission reveals inductive biases},
  author={Kalish, Michael L and Griffiths, Thomas L and Lewandowsky, Stephan},
  journal={Psychonomic Bulletin \& Review},
  volume={14},
  number={2},
  pages={288--294},
  year={2007},
  publisher={Springer}
}

@article{kemp2012exploring,
  title={Exploring the conceptual universe.},
  author={Kemp, Charles},
  journal={Psychological Review},
  volume={119},
  number={4},
  pages={685},
  year={2012},
  publisher={American Psychological Association}
}

@article{lake2015human,
  title={Human-level concept learning through probabilistic program induction},
  author={Lake, Brenden M and Salakhutdinov, Ruslan and Tenenbaum, Joshua B},
  journal={Science},
  volume={350},
  number={6266},
  pages={1332--1338},
  year={2015},
  publisher={American Association for the Advancement of Science}
}


@article{lake2016building,
  title={Building machines that learn and think like people},
  author={Lake, Brenden M and Ullman, Tomer D and Tenenbaum, Joshua B and Gershman, Samuel J},
  journal={arXiv preprint arXiv:1604.00289},
  year={2016}
}

@article{lin2014bias,
  title={Bias reformulation for one-shot function induction},
  author={Lin, Dianhuan and Dechter, Eyal and Ellis, Kevin and Tenenbaum, Joshua B and Muggleton, Stephen H},
  year={2014},
  publisher={IOS Press}
}


@article{lucas2015rational,
  title={A rational model of function learning},
  author={Lucas, Christopher G and Griffiths, Thomas L and Williams, Joseph J and Kalish, Michael L},
  journal={Psychonomic Bulletin \& Review},
  volume={22},
  number={5},
  pages={1193--1215},
  year={2015},
  publisher={Springer}
}


@inproceedings{perfors2009learning,
  title={Learning to learn categories},
  author={Perfors, Amy and Tenenbaum, J},
  year={2009},
  organization={Cognitive Science Society}
}

@inproceedings{piantadosi2008bayesian,
  title={A Bayesian model of the acquisition of compositional semantics},
  author={Piantadosi, Steven T and Goodman, Noah D and Ellis, Benjamin A and Tenenbaum, Joshua B},
  booktitle={Proceedings of the Thirtieth Annual Conference of the Cognitive Science Society},
  pages={1620--1625},
  year={2008}
}


@article{piantadosi2016logical,
  title={The Logical Primitives of Thought: Empirical Foundations for Compositional Cognitive Models.},
  author={Piantadosi, Steven T and Tenenbaum, Joshua B and Goodman, Noah D},
  year={2016},
  publisher={American Psychological Association}
}

@article{schulz2016compositional,
  title={Compositional Inductive Biases in Function Learning},
  author={Schulz, Eric and Tenenbaum, Joshua B and Duvenaud, David and Speekenbrink, Maarten and Gershman, Samuel J},
  journal={bioRxiv},
  pages={091298},
  year={2016},
  publisher={Cold Spring Harbor Labs Journals}
}


@article{shepard1961learning,
  title={Learning and memorization of classifications.},
  author={Shepard, Roger N and Hovland, Carl I and Jenkins, Herbert M},
  journal={Psychological Monographs: General and Applied},
  volume={75},
  number={13},
  pages={1},
  year={1961},
  publisher={American Psychological Association}
}


@article{tenenbaum2011grow,
  title={How to grow a mind: Statistics, structure, and abstraction},
  author={Tenenbaum, Joshua B and Kemp, Charles and Griffiths, Thomas L and Goodman, Noah D},
  journal={Science},
  volume={331},
  number={6022},
  pages={1279--1285},
  year={2011},
  publisher={American Association for the Advancement of Science}
}

@book{rasmussen2006gaussian,
  title={Gaussian processes for machine learning},
  author={Rasmussen, Carl Edward and Williams, Christopher KI},
  journal={the MIT Press},
  year={2006}
}

@article{villagrahuman,
  title={Human-like Function Learning and Transfer},
  author={Le{\'o}n-Villagr{\'a}, Pablo and Lucas, Christopher G},
  year={2016}
}

